<?xml version="1.0" encoding="UTF-8"?><collection xmlns="http://www.loc.gov/MARC21/slim"><record><leader>00388nam--2200145-i-4500</leader><controlfield tag="001">000007954</controlfield><controlfield tag="002">20161230</controlfield><controlfield tag="005">20170225200959</controlfield><controlfield tag="008">060222s1000------------r-----000-0-eng-d</controlfield><datafield ind1=" " ind2=" " tag="100"><subfield code="a">Cuperman, S</subfield></datafield><datafield ind1=" " ind2=" " tag="245"><subfield code="a">Plasma buildup by collective beam-plasma interaction</subfield></datafield><datafield ind1=" " ind2=" " tag="260"><subfield code="a">Soreq</subfield><subfield code="b">Israel Atomic Energy Commission</subfield><subfield code="c">1967</subfield></datafield><datafield ind1=" " ind2=" " tag="300"><subfield code="a">22 p</subfield></datafield><datafield ind1=" " ind2=" " tag="852"><subfield code="a">533.9</subfield></datafield><datafield ind1=" " ind2=" " tag="CAT"><subfield code="a">SYS</subfield><subfield code="c">20170225</subfield><subfield code="h">200959</subfield></datafield></record></collection>